@book{BrennerScott2008,
  title={The Mathematical Theory of Finite Element Methods},
  author={Brenner, Susanne C. and Scott, Ridgway},
  year={2008},
  publisher={Springer},
  edition={3}
}

@book{QuarteroniValli1994,
  title={Numerical Approximation of Partial Differential Equations},
  author={Quarteroni, Alfio and Valli, Alberto},
  year={1994},
  publisher={Springer}
}

@book{Thomee2006,
  title={Galerkin Finite Element Methods for Parabolic Problems},
  author={Thom{\'e}e, Vidar},
  year={2006},
  publisher={Springer},
  edition={2}
}

@book{AinsworthOden2000,
  title={A Posteriori Error Estimation in Finite Element Analysis},
  author={Ainsworth, Mark and Oden, J. Tinsley},
  year={2000},
  publisher={Wiley}
}

@book{ErnGuermond2004,
  title={Theory and Practice of Finite Elements},
  author={Ern, Alexandre and Guermond, Jean-Luc},
  year={2004},
  publisher={Springer}
}
